@book{Lee1,
  title={Introduction to Topological Manifolds},
  author={John M. Lee},
  year={2010},
  publisher={Springer}
}